@misc{bib:minedetection,
    author    		= "Jensen K. and Larsen L. B. and Olsen K. S. and Hansen J. and Jørgensen R. N.",
    title     		= "First results: Robot mapping of areas contaminated by landmines and unexploded ordnance",
}

@misc{bib:frobomind,
    author    		= "Jensen K. and Nielsen S. H. and Larsen M. and Bøgild A. and Green O. and Jørgensen R. N.",
    title     		= "FroboMind, Proposing a conceptual architecture for field robots",
}

@misc{bib:geometricConvection,
    author    		= "Chaine R",
    title     		= "A geometric convection approach of 3-D reconstruction",
}

@misc{bib:surfaceReconstruction,
    author    		= "Allégre R. and Chaine R. and Akkouche S.",
    title     		= "A Dynamic Surface Reconstruction Framework for Large Unstructured Point Sets",
}

@misc{bib:surfaceRipening,
    author    		= "Pismen L. M. and Rubinstein B. Y.",
    title     		= "Ripening of surface phases coupled with oscillatory dynamics and self-induced spatial chaos through surface roughening",
}
